<?xml version="1.0" encoding="UTF-8"?>
<collection xmlns:xsi="http://www.w3.org/2001/XMLSchema-instance" xsi:schemaLocation="http://www.loc.gov/MARC21/slim http://www.loc.gov/standards/marcxml/schema/MARC21slim.xsd" xmlns="http://www.loc.gov/MARC21/slim">
<record>
  <leader>01144cam a2200241   4500</leader>
  <controlfield tag="001">2959345</controlfield>
  <controlfield tag="003">NNC</controlfield>
  <controlfield tag="005">20130426002831.0</controlfield>
  <controlfield tag="008">811217s1968    iq c          000 0carar </controlfield>
  <datafield tag="010" ind1=" " ind2=" ">
    <subfield code="a">   77251781 </subfield>
  </datafield>
  <datafield tag="035" ind1=" " ind2=" ">
    <subfield code="a">(OCoLC)ocm08006162</subfield>
  </datafield>
  <datafield tag="035" ind1=" " ind2=" ">
    <subfield code="9">ASK4481CU</subfield>
  </datafield>
  <datafield tag="035" ind1=" " ind2=" ">
    <subfield code="a">(NNC)2959345</subfield>
  </datafield>
  <datafield tag="040" ind1=" " ind2=" ">
    <subfield code="a">DLC</subfield>
    <subfield code="c">TKN</subfield>
    <subfield code="d">TKN</subfield>
    <subfield code="d">ZCU</subfield>
  </datafield>
  <datafield tag="050" ind1="0" ind2=" ">
    <subfield code="a">BP192.8</subfield>
    <subfield code="b">.K37 1968</subfield>
  </datafield>
  <datafield tag="100" ind1="1" ind2=" ">
    <subfield code="a">Kāẓimī, Muḥammad Mahdī,</subfield>
    <subfield code="d">1901 or 1902-</subfield>
  </datafield>
  <datafield tag="245" ind1="1" ind2="0">
    <subfield code="a">Aḥsan al-wadīʻah fī tarājim mashāhīr mujtahidī al-Shīʻah,</subfield>
    <subfield code="b">Kitāb yabḥath ʻan āthārihim wa-maʾāthirihim ʻan marākiz al-ʻilm lil-Shīʻah, aw tatmīm rawḍāt al-jinnāt, muzdānan bi-rusūm man ʻatharnā ʻalā rasmih.</subfield>
    <subfield code="c">tʾlīf Muḥammad Mahdī al-Mūsawī al-Iṣfahānī al-Kāẓimī.</subfield>
  </datafield>
  <datafield tag="250" ind1=" " ind2=" ">
    <subfield code="a">al-Tabʻah 2.</subfield>
  </datafield>
  <datafield tag="260" ind1=" " ind2=" ">
    <subfield code="a">al-Najaf,</subfield>
    <subfield code="b">al-Maṭbʻah al-Haydarīyah, Distributer in Irāq: al-Muthannā library,</subfield>
    <subfield code="c">1968.</subfield>
  </datafield>
  <datafield tag="300" ind1=" " ind2=" ">
    <subfield code="a">2 v. in 1 (24, 370 p.)</subfield>
    <subfield code="b">ports.</subfield>
    <subfield code="c">25 cm.</subfield>
  </datafield>
  <datafield tag="500" ind1=" " ind2=" ">
    <subfield code="a">Cover title: Ahsan al-wadiah fee taragem mashahir mojtahedi al-Sheah, by Mohamed al-Mahdi al-Moosawi al-Kadhomi.</subfield>
  </datafield>
  <datafield tag="650" ind1=" " ind2="0">
    <subfield code="a">Shiites</subfield>
    <subfield code="v">Biography.</subfield>
  </datafield>
  <datafield tag="955" ind1=" " ind2=" ">
    <subfield code="b">CU55328717</subfield>
    <subfield code="d">off,glx</subfield>
    <subfield code="e">BP192.8 .K37 1968</subfield>
  </datafield>
</record>
</collection>